% Encoding: UTF-8

@Book{Hildebrandt2019,
  title     = {Handbook of Academic Writings},
  publisher = {VNR Verlag f{\"u}r die Deutsche Wirtschaft},
  year      = {2019},
  editor    = {Hildebrandt, Jens and Nelke, Matthias},
  address   = {Bonn, Germany},
  timestamp = {2023-04-14},
}

@Unpublished{unpublished,
  author = {Andy Unpublished},
  title  = {The title of the work},
  month  = {7},
  year   = {1993},
}

@TechReport{techreport,
  author      = {Peter WorkingPaper},
  title       = {The title of the work},
  institution = {The institution that published},
  year        = {1993},
  number      = {2},
  address     = {The address of the publisher},
  month       = {7},
}

@PhdThesis{phdthesis,
  author  = {Andreas PHD},
  title   = {The title of the work},
  school  = {The school of the thesis},
  year    = {2011},
  address = {The address of the publisher},
  month   = {7},
}

@Misc{misc,
  author       = {Alexandra Misc},
  title        = {The title of the work},
  howpublished = {How it was published},
  month        = {4},
  year         = {1993},
}

@MastersThesis{mastersthesis,
  author  = {Alex Masterthesis},
  title   = {The title of the work},
  school  = {The school of the thesis},
  year    = {2004},
  address = {The address of the publisher},
  month   = {10},
}

@InCollection{incollection,
  author    = {Eli Editor},
  title     = {The title of the work},
  booktitle = {The title of the book},
  publisher = {The name of the publisher},
  year      = {2022},
  editor    = {The editor},
  volume    = {4},
  series    = {2},
  chapter   = {8},
  pages     = {101-114},
  address   = {The address of the publisher},
  edition   = {3},
  month     = {7},
}

@InBook{inbook,
  chapter   = {8},
  pages     = {201-213},
  title     = {The title of the work},
  publisher = {The name of the publisher},
  year      = {1993},
  author    = {Suzy Inbook},
  volume    = {4},
  series    = {5},
  address   = {The address of the publisher},
  edition   = {3},
  month     = {7},
}

@Conference{conference,
  author       = {David Conference},
  title        = {The title of the work},
  booktitle    = {The title of the book},
  year         = {1986},
  editor       = {The editor},
  volume       = {4},
  series       = {5},
  pages        = {213},
  address      = {The address of the publisher},
  month        = {7},
  organization = {The organization},
  publisher    = {The publisher},
}

@Booklet{booklet,
  title        = {The title of the work},
  author       = {Betty Booklet},
  howpublished = {How it was published},
  address      = {The address of the publisher},
  month        = {7},
  year         = {1996},
}

@Book{book,
  title     = {The title of the work},
  publisher = {The name of the publisher},
  year      = {2023},
  author    = {Debbie Book},
  volume    = {4},
  series    = {10},
  address   = {The address},
  edition   = {3},
  month     = {7},
  isbn      = {3257442892},
}

@Article{article,
  author  = {Sepp Article},
  title   = {The title of the work},
  journal = {The name of the journal},
  year    = {2011},
  volume  = {4},
  number  = {2},
  pages   = {201-213},
  month   = {7},
}

@Proceedings{proceedings,
  title        = {The title of the work},
  year         = {1993},
  editor       = {Luc Proceedings},
  volume       = {4},
  series       = {5},
  address      = {The address of the publisher},
  publisher    = {The name of the publisher},
  month        = {7},
  organization = {The organization},
}

@Misc{webpage,
  author = {Author Website},
  title  = {Website Title},
  year   = {2023},
  note   = {Accessed on April 14, 2023},
  url    = {http://website-url.com},
}

@Book{Shotton1989,
  title     = {Computer Addiction Pb: A Study Of Computer Dependency},
  publisher = {Taylor \& Francis},
  year      = {1989},
  author    = {Shotton, Margaret A},
  address   = {London, England},
  edition   = {3},
  timestamp = {2023-04-14},
}

@Book{Heifetz2002,
  title     = {Leadership on the Line, With a New Preface: Staying Alive Through the Dangers of Change},
  publisher = {Harvard Business School Press},
  year      = {2002},
  author    = {Heifetz, Ronald and Linsky, Marty},
  address   = {Boston},
  timestamp = {2023-04-14},
}

@Comment{jabref-meta: databaseType:bibtex;}