@article{example_article,
    title        = {The Effects of Climate Change},
    author       = {John Smith},
    year         = 2022,
    month        = {January},
    journal      = {Scientific American},
    volume       = 327,
    number       = 1,
    pages        = {44--49},
    note         = {This is a sample entry for an article in a magazine.}
}

@book{key,   
    author = {Author, A.},   
    year = {2021},   
    title = {Title of the Book},   
    publisher = {Publisher},   
    address = {Address of the Publisher}, 
}

@booklet{example_booklet,
    title        = {Conference Proceedings},
    author       = {Jane Doe and John Smith},
    year         = 2022,
    month        = {July},
    address      = {San Francisco, CA},
    note         = {This is a sample entry for a conference proceedings booklet.},
    howpublished = {Presented at the Annual Conference on Technology},
    editor       = {Bob Johnson}
}


@conference{example_conference,
    title        = {The Effects of Climate Change},
    author       = {John Smith and Jane Doe},
    year         = 2022,
    month        = {June},
    booktitle    = {Proceedings of the Annual Conference on Climate Change},
    publisher    = {Springer},
    address      = {Los Angeles, CA},
    pages        = {55--62},
    note         = {This is a sample entry for a paper in conference proceedings.},
    editor       = {Bob Johnson},
    organization = {Climate Change Association}
}

@inbook{example_inbook,
    title        = {The Effects of Climate Change},
    author       = {John Smith},
    year         = 2022,
    booktitle    = {Environmental Issues and Solutions},
    publisher    = {Wiley},
    pages        = {101--112},
    note         = {This is a sample entry for a chapter in a book.},
    editor       = {Jane Doe},
    edition      = {3rd}
}

@incollection{mychapter,
    title        = {An Analysis of Example},
    author       = {John Smith},
    year         = 2022,
    month        = {June},
    booktitle    = {The Book of Examples},
    publisher    = {Example Publisher},
    address      = {New York, NY},
    series       = {Example Book Series},
    volume       = 1,
    number       = 2,
    pages        = {123--130},
    editor       = {Jane Doe}
}

@inproceedings{mypaper,
    title        = {An Analysis of Example},
    author       = {John Smith and Jane Doe},
    year         = 2022,
    month        = {June},
    booktitle    = {Proceedings of the International Conference on Example},
    publisher    = {ACM Press},
    address      = {New York, NY},
    series       = {Example Conference Proceedings},
    volume       = 1,
    number       = 2,
    pages        = {123--130},
    editor       = {David Brown and Susan Green},
    organization = {ACM}
}


@manual{mymanual,
    title        = {Example User Guide},
    author       = {John Smith and Jane Doe},
    year         = 2022,
    month        = {June},
    address      = {Example City, CA},
    note         = {Available at \url{https://example.com/manual.pdf}},
    organization = {Example Corporation},
    edition      = {3rd}
}

@misc{ChatGPT,
  author = {{OpenAI}},
  title = {{ChatGPT}},
  howpublished = {Software available from OpenAI},
  year = {2024},
  note = {GPT-3.5: November 21, 2023},
  url = {https://www.openai.com/}
}

@masterthesis{mythesis,
    title        = {A Study of Example},
    author       = {Jane Doe},
    year         = 2022,
    month        = {June},
    address      = {Example City, CA},
    note         = {Available at \url{https://example.com/thesis.pdf}},
    school       = {University of Example},
    type         = {Master's thesis}
}

@phdthesis{mythesis,
    title        = {An Analysis of Example},
    author       = {John Smith},
    year         = 2022,
    month        = {June},
    address      = {Example City, CA},
    note         = {Available at \url{https://example.com/thesis.pdf}},
    school       = {University of Example},
    type         = {PhD thesis}
}

@proceedings{myproceedings,
    title        = {Proceedings of the International Conference on Example},
    year         = 2022,
    month        = {June},
    publisher    = {ACM Press},
    address      = {New York, NY},
    series       = {Example Conference Proceedings},
    volume       = 1,
    number       = 2,
    editor       = {Jane Doe and John Smith}
}

@techreport{key,   
    author = {Jane Smith},   
    title = {Technical Report on Advanced Robotics},   
    institution = {Institute of Technology},   
    year = {2021},   
    number = {TR-1234}
}

@unpublished{key,   
    author = {John Doe},   
    title = {The Importance of Unpublished Sources},   
    institution = {University of Example},   
    year = {2022}, 
}




































